%% Saved with string encoding Unicode (UTF-8) 
@inproceedings{HamoudaSidhoum2024,
	author = {Hamouda Sidhoum, Abdellah and M’hamed, Mataoui and Faouzi, Sebbak and Aymen, Ouazene and Fedoua, Hussine and Mohamed Chakib, Amrani and Takieddine, Boumediri},
	year = {2024},
	month = {09},
	pages = {1-7},
	title = {Transforming Legal Documents into Knowledge Goldmines: Application on the Algerian Official Journal},
	doi = {10.1109/AICT61888.2024.10740457}
}
@inproceedings{Naveed2023,
    author       = {Humza Naveed and others },
	title        = {A Comprehensive Overview of Large Language Models},
	journal      = {CoRR},
	eprinttype    = {arXiv},
	volume       = {abs/2307.06435},
	year         = {2023},
	doi          = {10.48550/ARXIV.2307.06435},
	}

@inproceedings{lewis2020retrieval,
      author       = {Patrick Lewis and
      Ethan Perez and
      Aleksandra Piktus and others
      },
      editor       = {Hugo Larochelle and
      Marc'Aurelio Ranzato and
      others},
      title        = {Retrieval-Augmented Generation for Knowledge-Intensive {NLP} Tasks},
      booktitle    = {Advances in Neural Information Processing Systems 33: Annual Conference
      on Neural Information Processing Systems},
      year         = {2020},
}
@InProceedings{Information_Retrieval ,
        author       = {Imen Bouaziz Mezghanni and
      Fa{\"{\i}}ez Gargouri},
      editor       = {Richard Booth and
      Min{-}Ling Zhang},
      title        = {Information Retrieval from Unstructured Arabic Legal Data},
      booktitle    = {{PRICAI} 2016: Trends in Artificial Intelligence - 14th Pacific Rim
      International Conference on Artificial Intelligence},
      series       = {Lecture Notes in Computer Science},
      volume       = {9810},
      pages        = {44--54},
      publisher    = {Springer},
      year         = {2016}}

}

@article{BengioDVJ03,
	author       = {Yoshua Bengio and
	R{\'{e}}jean Ducharme and
	Pascal Vincent and
	Christian Janvin},
	title        = {A Neural Probabilistic Language Model},
	journal      = {J. Mach. Learn. Res.},
	volume       = {3},
	pages        = {1137--1155},
	year         = {2003},
	url          = {https://jmlr.org/papers/v3/bengio03a.html},}
	
@article{chen1999empirical,
	title={An empirical study of smoothing techniques for language modeling},
	author={Chen, Stanley F and Goodman, Joshua},
	journal={Computer Speech \& Language},
	volume={13},
	number={4},
	pages={359--394},
	year={1999},
	publisher={Elsevier}
}
@book{jurafsky2019speech,
	title={Speech and Language Processing},
	author={Jurafsky, Daniel and Martin, James H.},
	year={2019},
	edition={3rd},
	publisher = {Prentice Hall},
	note={Draft available at \url{https://web.stanford.edu/~jurafsky/slp3/}}
}
@online{barnard2024word,
	author       = {Joel Barnard},
	title        = {What Are Word Embeddings?},
	year         = {2024},
	month        = {January},
	day          = {23},
	url          = {https://www.ibm.com/think/topics/word-embeddings},
	note         = {Accessed: 2025-05-10}
}

@article{mikolov2013efficient,
	title={Efficient Estimation of Word Representations in Vector Space},
	author={Mikolov, Tomas and Chen, Kai and Corrado, Greg and Dean, Jeffrey},
	journal={arXiv preprint arXiv:1301.3781},
	year={2013}
}

@inproceedings{pennington2014glove,
	title={GloVe: Global Vectors for Word Representation},
	author={Pennington, Jeffrey and Socher, Richard and Manning, Christopher D},
	booktitle={Proceedings of the 2014 Conference on Empirical Methods in Natural Language Processing (EMNLP)},
	pages={1532--1543},
	year={2014},
	organization={ACL}
}
@book{jurafsky2000speech,
	author       = {Dan Jurafsky and
	James H. Martin},
	title        = {Speech and language processing: an introduction to natural language
	processing, computational linguistics, and speech recognition, 2nd
	Edition},
	series       = {Prentice Hall series in artificial intelligence},
	publisher    = {Prentice Hall, Pearson Education International},
	year         = {2009},
	url          = {https://www.worldcat.org/oclc/315913020},
}
@online{murugan2024nlp,
	author = {Mohana Murugan},
	title  = {Natural Language Processing (NLP)},
	year   = {2024},
	url    = {https://doi.org/10.13140/RG.2.2.13534.04169},
    	note         = {Accessed: 2024-09-10}
}

@article{cho2014learning,
	author       = {Kyunghyun Cho and
	Bart van Merrienboer and others},
	editor       = {Alessandro Moschitti and
	Bo Pang and Walter Daelemans},
	title        = {Learning Phrase Representations using {RNN} Encoder-Decoder for Statistical Machine Translation},
	booktitle    = {Proceedings of the 2014 Conference on Empirical Methods in Natural
	Language Processing, Doha, Qatar,
	{A} meeting of SIGDAT, a Special Interest Group of the {ACL}},
	pages        = {1724--1734},
	publisher    = {{ACL}},
	year         = {2014},
	url          = {https://doi.org/10.3115/v1/d14-1179},
}

@online{geeksforgeeks_lstm,
	author       = {{GeeksforGeeks}},
	title        = {Deep Learning - Introduction to Long Short Term Memory},
	year         = {2024},
	url          = {https://www.geeksforgeeks.org/deep-learning-introduction-to-long-short-term-memory/},
	note         = {Accessed: August 2024}
}
@article{hochreiter1997long,
	author       = {Sepp Hochreiter and Jürgen Schmidhuber},
	title        = {Long Short-Term Memory},
	journal      = {Neural Computation},
	volume       = {9},
	number       = {8},
	pages        = {1735--1780},
	year         = {1997},
	month        = {November}
}
@article{brown2020language,
	title={Language models are few-shot learners},
	author={Brown, Tom B and Mann, Benjamin and Ryder, Nick and others},
	journal={Advances in neural information processing systems},
	volume={33},
	pages={1877--1901},
	year={2020}
}
@online{vectorize2025agentarchitectures,
	author       = {{Vectorize}},
	title        = {Designing Agentic AI Systems, Part 1: Agent Architectures},
	year         = {2025},
	month        = {January},
	url          = {https://vectorize.io/designing-agentic-ai-systems-part-1-agent-architectures/},
	note         = {Accessed: 2025-05-11}
}

@online{google2025aiagent,
	author       = {{Google Cloud}},
	title        = {What is an AI agent?},
	year         = {2025},
	url          = {https://cloud.google.com/discover/what-are-ai-agents},
	note         = {Accessed: 2025-05-11}
}

@article{touvron2023llama2openfoundation,
	author={Hugo Touvron and Louis Martin and Kevin Stone and Peter Albert and Amjad Almahairi and Yasmine Babaei and others},
	title        = {Llama 2: Open Foundation and Fine-Tuned Chat Models},
	journal      = {CoRR},
	volume       = {abs/2307.09288},
	year         = {2023},
	url          = {https://doi.org/10.48550/arXiv.2307.09288},
	doi          = {10.48550/ARXIV.2307.09288},

}
@article{choromanski2020rethinking,
	title={Rethinking Attention with Performers},
	author={Choromanski, Krzysztof and Likhosherstov, Valerii and Dohan, David},
	booktitle    = {9th International Conference on Learning Representations,
	Virtual Event, Austria, May 3-7},
	publisher    = {OpenReview.net},
	journal={ICLR},
	year={2021}
	url          = {https://openreview.net/forum?id=Ua6zuk0WRH},
}
@book{rothman2021transformers,
	title     = {Transformers for Natural Language Processing: Build innovative deep neural network architectures for NLP with Python, PyTorch, TensorFlow, BERT, RoBERTa, and more},
	author    = {Denis Rothman},
	year      = {2021},
	publisher = {Packt Publishing Ltd},
	isbn      = {1800568630, 9781800568631},
}
@article{clark2019what,
    title        = {What Does {BERT} Look at? An Analysis of BERT's Attention},
    author={Clark, Kevin and Khandelwal, Urvashi and Levy, Omer and Manning, Christopher D.},
    booktitle    = {Proceedings of the 2019 {ACL} Workshop BlackboxNLP: Analyzing and
    Interpreting Neural Networks for NLP,},
    pages        = {276--286},
    publisher    = {Association for Computational Linguistics},
    year         = {2019},
    url          = {https://doi.org/10.18653/v1/W19-4828},
}
@inproceedings{vaswani2017attention,
	title={Attention is all you need},
	author={Vaswani, Ashish and Shazeer, Noam and Parmar, Niki and Uszkoreit, Jakob and Jones, Llion and Gomez, Aidan N and Kaiser, {\L}ukasz and Polosukhin, Illia},
	booktitle={Advances in neural information processing systems},
	pages={5998--6008},
	year={2017}
}


@inproceedings{devlin2019bert,
	author    = {Jacob Devlin and Ming-Wei Chang and others},
	title     = {BERT: Pre-training of Deep Bidirectional Transformers for Language Understanding},
	booktitle = {Proceedings of the 2019 Conference of the North American Chapter of the Association for Computational Linguistics: Human Language Technologies, Volume 1},
	pages     = {4171--4186},
	year      = {2019},
	publisher = {Association for Computational Linguistics},
	url       = {https://arxiv.org/abs/1810.04805}
}
@article{radford2019language,
	title={Language models are unsupervised multitask learners},
	author={Radford, Alec and Wu, Jeffrey and Child, Rewon and Luan, David and Amodei, Dario and Sutskever, Ilya},
	journal={OpenAI Blog},
	volume={1},
	number={8},
	year={2019}
}
@article{openlm2023survey,
	author       = {Wayne Xin Zhao and
	Kun Zhou and others }
	title        = {A Survey of Large Language Models},
	journal      = {CoRR},
	volume       = {abs/2303.18223},
	year         = {2023},
	url          = {https://doi.org/10.48550/arXiv.2303.18223},
}

@article{antlm2024,
	author       = {Xinru Yu and
	Bin Guo and others
	},
	title        = {AntLM: Bridging Causal and Masked Language Models},
	journal      = {CoRR},
	volume       = {abs/2412.03275},
	year         = {2024},
	url          = {https://doi.org/10.48550/arXiv.2412.03275}, }

@article{kaplan2020scaling,
	author       = {Jared Kaplan and
	Sam McCandlish and others },
	title        = {Scaling Laws for Neural Language Models},
	journal      = {CoRR},
	volume       = {abs/2001.08361},
	year         = {2020},
	url          = {https://arxiv.org/abs/2001.08361}}


@article{hoffmann2022training,
	author={Hoffmann, Jordan and others},
	title        = {Training Compute-Optimal Large Language Models},
	journal      = {CoRR},
	volume       = {abs/2203.15556},
	year         = {2022},
	url          = {https://doi.org/10.48550/arXiv.2203.15556},
	doi          = {10.48550/ARXIV.2203.15556},
	
}
@article{wang2023language,
	author={Wang, Thomas and Roberts, Adam and Hesslow, Daniel and Le Scao, Teven and Chung and others},
	editor       = {Kamalika Chaudhuri and
	Stefanie Jegelka and others},
	title        = {What Language Model Architecture and Pretraining Objective Works Best
	for Zero-Shot Generalization?},
	booktitle    = {International Conference on Machine Learning, {ICML},USA},
	series       = {Proceedings of Machine Learning Research},
	volume       = {162},
	pages        = {22964--22984},
	publisher    = {{PMLR}},
	year         = {2022},
	url          = {https://proceedings.mlr.press/v162/wang22u.html},
}
@article{touvron2023llama,
	title={Llama: Open and efficient foundation language models},
	author={Touvron, Hugo and Lavril, Thibaut and Izacard, Gautier and Martinet, Xavier and Lachaux, Marie-Anne and Lacroix, Timothée and Rozière, Baptiste and Goyal, Naman and Hambro, Eric and Azhar, Faisal and others},
	journal={arXiv preprint arXiv:2302.13971},
	year={2023}
}
@article{yenduri2023gpt,
	author = {Yenduri, Gokul and Ramalingam, M and Selvi, Chemmalar G and Supriya, Y and Srivastava, Gautam and others},
	title = {GPT (Generative Pre-trained Transformer) – A Comprehensive Review on Enabling Technologies, Potential Applications, Emerging Challenges, and Future Directions},
	journal = {Journal of Artificial Intelligence Research},
	year = {2023},
	volume = {82},
	pages = {123--157},
	doi = {10.1016/j.jair.2023.01.007}
}
@article{raffel2023exploring,
	author={Colin Raffel and Noam Shazeer and Adam Roberts and Katherine Lee and Sharan Narang and others},
	title={Exploring the Limits of Transfer Learning with a Unified Text-to-Text Transformer},
	journal={arXiv preprint arXiv:1910.10683v4},
	year={2023},
	month={September},
	note={Editor: Ivan Titov}
}
@article{sengupta2023jais,
	author={Neha Sengupta and Sunil Kumar Sahu and Bokang Jia and Satheesh Katipomu and others},
	title        = {Jais and Jais-chat: Arabic-Centric Foundation and Instruction-Tuned
	Open Generative Large Language Models},
	journal      = {CoRR},
	volume       = {abs/2308.16149},
	year         = {2023},
	url          = {https://doi.org/10.48550/arXiv.2308.16149}, 
}
@article{chalkidis2023multilegalbert,
	title={MultiLegalBERT: A Multilingual Legal Language Model for 24 Languages},
	author={Chalkidis, Ilias and Jana, Abhik and Hartung, Matthias and Bommarito, Michael and Androutsopoulos, Ion and Katz, Daniel M. and Aletras, Nikolaos},
	journal={arXiv preprint},
	year={2023},
	doi={10.48550/arXiv.2305.13820}
}

@inproceedings{NiklausMSCH24,
author       = {Joel Niklaus and
	Veton Matoshi and
	Matthias St{\"{u}}rmer and
	Ilias Chalkidis and
	Daniel E. Ho},
editor       = {Lun{-}Wei Ku and
	Andre Martins and
	Vivek Srikumar},
title        = {MultiLegalPile: {A} 689GB Multilingual Legal Corpus},
booktitle    = {Proceedings of the 62nd Annual Meeting of the Association for Computational
	Linguistics (Volume 1: Long Papers), {ACL} 2024, Bangkok, Thailand,
	August 11-16, 2024},
pages        = {15077--15094},
publisher    = {Association for Computational Linguistics},}

@inproceedings{Bender2021,
	title={On the Dangers of Stochastic Parrots: Can Language Models Be Too Big?},
	author={Bender, Emily M and Gebru, Timnit and McMillan-Major, Angelina and Shmitchell, Shmargaret},
	booktitle={Proceedings of the 2021 ACM Conference on Fairness, Accountability, and Transparency},
	year={2021},
}
@online{ibm2024,
	author = {IBM Research},
	title = {Retrieval-Augmented Generation (RAG)},
	year = {2024},
	url = {https://research.ibm.com/blog/retrieval-augmented-generation-RAG}
	note         =  {2024-08-22}
}
@note{aisera2024agentic,
	author       = {{Aisera}},
	title        = {What is Agentic AI? Key Trends in 2025},
	year         = {2024},
	url          = {https://aisera.com/blog/agentic-ai/},
	note         = {Accessed: 2025-05-10}
}


@online{ahmed2024agenticrag,
	author       = {Sahin Ahmed},
	title        = {Agentic RAG: What is it and How it works?},
	year         = {2024},
	month        = {November},
	day          = {23},
	howpublished = {\url{https://medium.com/@sahin.samia/agentic-rag-what-is-it-and-how-it-works-7d6a85511e00}},
	note         = {Accessed: 2025-05-12}
}



@online{techtarget_nlp,
	author    = {Alexander S. Gillis and Ben Lutkevich and Ed Burn},
	title     = {Natural Language Processing (NLP)},
	year      = {2024},
	url       ={https://www.techtarget.com/searchenterpriseai/definition/natural-language-processing-NLP},
	note      = {Accessed: 2024-08-22},
	publisher = {TechTarget}
}



@inproceedings{Ding2024,
	title={Efficient Retrieval with Learned Similarities},
	author={Bailu Ding and Jiaqi Zhai},
	booktitle={THE WEB CONFERENCE 2025},
	year={2025},
	note = {\url{https://openreview.net/forum?id=eHF4pDRWjT}},
}


@article{wei2022emergent,
	title={Emergent abilities of large language models},
	author={Wei, Jason and others},
	journal={Transactions on Machine Learning Research},
	year={2022},
	note={Published online},
	url={https://arxiv.org/abs/2206.07682}
}



@article{2402-06853,
	author       = {Zhibo Chu and others },
	title        = {History, Development, and Principles of Large Language Models-An Introductory
	Survey},
	journal      = {CoRR},
	volume       = {abs/2402.06853},
	year         = {2024},
	url          = {https://doi.org/10.48550/arXiv.2402.06853}}

@online{pareto2024rag,
	title     = {The Ultimate Guide to Retrieval-Augmented Generation (RAG)},
	author    ={ Pareto AI},
	year      = {2024},
	 url    = {https://pareto.ai/blog/retrieval-augmented-generation},
	note      = {Accessed: 2025-03-05},
}


@inproceedings{howard2018universal,
	title={Universal Language Model Fine-tuning for Text Classification},
	author={Howard, Jeremy and Ruder, Sebastian},
	booktitle={Proceedings of the 56th Annual Meeting of the Association for Computational Linguistics},
	year={2018}
}
@inproceedings{dong2019unified,
	title={Unified language model pre-training for natural language understanding and generation},
	author={Dong, Li and Yang, Nan and Wang, Wenhui and Wei, Furu and Liu, Xiaodong and Wang, Yu and Gao, Jianfeng and Zhou, Ming and Hon, Hsiao-Wuen},
	booktitle={Advances in Neural Information Processing Systems (NeurIPS)},
	volume={32},
	year={2019}
}

@article{devlin2018bert,
	title={BERT: Pre-training of Deep Bidirectional Transformers for Language Understanding},
	author={Devlin, Jacob and Chang, Ming-Wei and Lee, Kenton and Toutanova, Kristina},
	journal={arXiv preprint arXiv:1810.04805},
	year={2018}
}

@online{selvaraj2024,
	author       = {Natassha Selvaraj},
	title        = {What is Retrieval Augmented Generation (RAG)?},
	year         = {2024},
	url          = {https://www.datacamp.com/blog/what-is-retrieval-augmented-generation-rag},
	publisher    = {DataCamp Blog},
	note         = {Updated Jan 30, 2024},

}

@article{gao2024retrieval,
	title={Retrieval-Augmented Generation for Large Language Models: A Survey}, 
	author={Yunfan Gao and Yun Xiong and Xinyu Gao and Kangxiang Jia and Jinliu Pan and Yuxi Bi and Yi Dai and Jiawei Sun and Meng Wang and Haofen Wang},
	year={2024},
	eprint={2312.10997},
	archivePrefix={arXiv},
	primaryClass={cs.CL},
	url={https://arxiv.org/abs/2312.10997}, 
}
@inproceedings{karpukhin2020dense,
	author={Karpukhin, Vladimir and   
	Oguz, Barlas and Min, Sewon and Lewis, Patrick and Wu, Ledell and Edunov, Sergey and Chen, Danqi and Yih, Wen-tau},
	title        = {Dense Passage Retrieval for Open-Domain Question Answering},
	booktitle    = {Proceedings of the 2020 Conference on Empirical Methods in Natural
	Language Processing, {EMNLP}},
	pages        = {6769--6781},
	publisher    = {Association for Computational Linguistics},
	year         = {2020},
	doi          = {10.18653/V1/2020.EMNLP-MAIN.550},  
	
}

@article{mombaerts2024meta,
	author       = {Laurent Mombaerts and
	Terry Ding and
	Adi Banerjee and
	Florian Felice and
	Jonathan Taws and
	Tarik Borogovac},
	title        = {Meta Knowledge for Retrieval Augmented Large Language Models},
	journal      = {CoRR},
	volume       = {abs/2408.09017},
	year         = {2024},
	doi          = {10.48550/ARXIV.2408.09017}, }
}

@article{legalrag2024,
	author = {Kabir, Muhammad Rafsan and Sultan, Rafeed and Rahman, Fuad and Amin, Mohammad and Momen, Sifat and Mohammed, Nabeel and Rahman, Shafin},
	year = {2025},
	month = {04},
	pages = {},
	title = {LegalRAG: A Hybrid RAG System for Multilingual Legal Information Retrieval},
	doi = {10.48550/arXiv.2504.16121}
}


@inproceedings{arablegaleval2024,
	title = "{A}rab{L}egal{E}val: A Multitask Benchmark for Assessing {A}rabic Legal Knowledge in Large Language Models",
	author = {Hijazi, Faris  and
	Alharbi, and  others},
	booktitle = "Proceedings of the Second Arabic Natural Language Processing Conference",
	month = {aug},
	year = {2024},
	address = "Bangkok, Thailand",
	publisher = "Association for Computational Linguistics",
	doi = "10.18653/v1/2024.arabicnlp-1.20",
	pages = {225--249},}
	
@inproceedings{arabicrag2024,
	title = {Evaluating {RAG} Pipelines for {A}rabic Lexical Information Retrieval: A Comparative Study of Embedding and Generation Models},
	author = {Al-Rasheed, Raghad  and others},
	editor = {El-Haj, Mo},
	booktitle = {Proceedings of the 1st Workshop on NLP for Languages Using Arabic Script},
	month = {jan},
	year = {2025},
	address = {Abu Dhabi, UAE},
	publisher = {Association for Computational Linguistics},
	url = "https://aclanthology.org/2025.abjadnlp-1.16/",
	pages = {155--164},
}
@online{lexemoRAG,
	title ={Retrieval-Augmented Generation (RAG) in Legal Research},
	author ={Lexemo},
	url={https://e.lexemo.com/e-blog/retrieval-augmented-generation-rag-in-legal-research/},
	note = { accessed April 2025}
}


@article{zhao2024retrieval,
	author={Zhao, Penghao and Zhang, Hailin and Yu, Qinhan and Wang, Zhengren and Geng, Yunteng and Fu, Fangcheng and Yang, Ling and Zhang, Wentao and Cui, Bin},
    title        = {Retrieval-Augmented Generation for AI-Generated Content: {A} Survey},
    journal      = {CoRR},
    volume       = {abs/2402.19473},
    year         = {2024},
     doi         = {10.48550/ARXIV.2402.19473}

}

@article{gupta2024comprehensive,
	 	author       = {Shailja Gupta and
	 Rajesh Ranjan and
	 Surya Narayan Singh},
	 title        = {A Comprehensive Survey of Retrieval-Augmented Generation {(RAG):}
	 Evolution, Current Landscape and Future Directions},
	 journal      = {CoRR},
	 volume       = {abs/2410.12837},
	 year         = {2024},
	 doi          = {10.48550/ARXIV.2410.12837},
	 
	 
	 }


@article{zhou2020trustworthiness,
	title={Trustworthiness in Retrieval-Augmented Generation Systems: A Survey},
	author={Zhou, Yujia and Liu, Yan and Li, Xiaoxi and Jin, Jiajie and Qian, Hongjin and Liu, Zheng and Li, Chaozhuo and Dou, Zhicheng and Ho, Tsung-Yi and Yu, Philip S.},
	journal={arXiv preprint arXiv:2409.10102},
	year={2020},
	month={September},
	note={\url{https://arxiv.org/abs/2409.10102v1}},

}

@inproceedings{Rossi_2024,
    series={CIKM ’24},
	title={Relevance Filtering for Embedding-based Retrieval},
	url={http://dx.doi.org/10.1145/3627673.3680095},
	DOI={10.1145/3627673.3680095},
	booktitle={Proceedings of the 33rd ACM International Conference on Information and Knowledge Management},
	publisher={ACM},
	author={Rossi, Nicholas and Lin, Juexin and Liu, Feng and Yang, Zhen and Lee, Tony and Magnani, Alessandro and Liao, Ciya},
	year={2024},
	month=oct, pages={4828–4835},
	collection={CIKM ’24} }

@online{geeksforgeeks2022precision,
	author    = {GeeksforGeeks},
	title     = {Precision and Recall in Information Retrieval},
	year      = {2022},
	url={https://www.geeksforgeeks.org/precision-and-recall-in-information-retrieval/},
	note      = {Accessed: 2025-03-06}
}
@online{deconvoluteai2024metrics,
	author       = {David Kirchhoff},
	title        = {Metrics for Evaluation of Retrieval in Retrieval-Augmented Generation},
	year         = {2024},
	url= {https://deconvoluteai.com/blog/rag/metrics-retrieval},
	note         = {Accessed: 2025-03-06}
}
@book{manning2008ir,
	author    = {Christopher D. Manning and Prabhakar Raghavan and Hinrich Schütze},
	title     = {Introduction to Information Retrieval},
	year      = {2008},
	publisher = {Cambridge University Press},
	url= {https://nlp.stanford.edu/IR-book/}
}


@online{enwiki:1262179867,
	author = "{Wikipedia contributors}",
	title = "Ranking (information retrieval) --- {Wikipedia}{,} The Free Encyclopedia",
	year = "2024",
	howpublished = "\url{https://en.wikipedia.org/w/index.php?title=Ranking_(information_retrieval)&oldid=1262179867}",
	note = {accessed 7-March-2025}
}


@inproceedings{salemi2023evaluating,
	author       = {Alireza Salemi and Hamed Zamani},
	title        = {Evaluating Retrieval Quality in Retrieval-Augmented Generation},
	year         = {2023},
	publisher    = {ACM},
	address      = {Amherst, MA, United States},
	url          = {https://dl.acm.org/doi/pdf/10.1145/3626772.3657957},
	note         = {Accessed via \url{https://dl.acm.org/doi/pdf/10.1145/3626772.3657957?utm_source=chatgpt.com}},
	institution  = {University of Massachusetts Amherst},
}
@article{wan2025cognitivealigneddocumentselectionretrievalaugmented,
	title={Cognitive-Aligned Document Selection for Retrieval-augmented Generation}, 
	author={Bingyu Wan and Fuxi Zhang and Zhongpeng Qi and Jiayi Ding and Jijun Li and Baoshi Fan and Yijia Zhang and Jun Zhang},
    journal      = {CoRR},
    volume       = {abs/2502.11770},
    year         = {2025},
    doi          = {10.48550/ARXIV.2502.11770},
}
@inproceedings{freitag-al-onaizan-2017-beam,
	title = "Beam Search Strategies for Neural Machine Translation",
	author = "Freitag, Markus  and
	Al-Onaizan, Yaser",
	editor = "Luong, Thang  and
	Birch, Alexandra  and
	Neubig, Graham  and
	Finch, Andrew",
	booktitle = "Proceedings of the First Workshop on Neural Machine Translation",
	month = aug,
	year = "2017",
	address = "Vancouver",
	publisher = "Association for Computational Linguistics",
	url = "https://aclanthology.org/W17-3207/",
	doi = "10.18653/v1/W17-3207",
	pages = "56--60",}
	
@online{tensorrt_llm_beam_search,
		author = {NVIDIA},
		title = {Best Practices for Tuning the Performance of {TensorRT-LLM} Beam Search},
		year = {2023},
		url = {https://tensorrt-llm.continuumlabs.ai/best-practices-for-tuning-the-performance-of-tensorrt-llm/beam-search},
		note = {[Accessed:  7-March-2025]}
	}
@online{zheng2024enhancing,
		author    = {Buqian Zheng},
		title     = {Enhancing Information Retrieval with Learned Sparse Retrieval},
		year      = {2024},
		url       = {https://zilliz.com/learn/enhancing-information-retrieval-learned-sparse-embeddings},
		note      = {Accessed: 2025-03-09}
	}
@article{10.1561/1500000019,
	author = {Robertson, Stephen and Zaragoza},
	title = {The Probabilistic Relevance Framework: BM25 and Beyond},
	year = {2009},
	issue_date = {April 2009},
	publisher = {Now Publishers Inc.},
	address = {Hanover, MA, USA},
	volume = {3},
	number = {4},
	issn = {1554-0669},
	url = {https://doi.org/10.1561/1500000019},
	doi = {10.1561/1500000019},
	journal = {Found. Trends Inf. Retr.},
	month = apr,
	pages = {333–389},
	numpages = {57}
	}
@online{gfg2025tfidf,
	author    = {{GeeksforGeeks}},
	title     = {Understanding TF-IDF (Term Frequency-Inverse Document Frequency)},
	year      = {2025},
	url       = {https://www.geeksforgeeks.org/understanding-tf-idf-term-frequency-inverse-document-frequency/},
	note      = {Last Updated: 07 Feb, 2025. Accessed: 2025-03-09}
}
@inproceedings{10.1007/978-3-030-72240-1_49,
	author = {Zhuang, Shengyao and Li, Hang and Zuccon, Guido},
	title = {Deep Query Likelihood Model for Information Retrieval},
	year = {2021},
	isbn = {978-3-030-72239-5},
	publisher = {Springer-Verlag},
	address = {Berlin, Heidelberg},
	url = {https://doi.org/10.1007/978-3-030-72240-1_49},
	doi = {10.1007/978-3-030-72240-1_49},
	booktitle = {Advances in Information Retrieval: 43rd European Conference on IR Research, ECIR 2021, Virtual Event, March 28 – April 1, 2021, Proceedings, Part II},
	pages = {463–470},
	numpages = {8}
	}
@inproceedings{chen-etal-2024-dense,
	title = "Dense {X} Retrieval: What Retrieval Granularity Should We Use?",
	author = "Chen, Tong  and
	Wang, Hongwei  and
	Chen, Sihao  and
	Yu, Wenhao  and
	Ma, Kaixin  and Xinran  and
	Zhang, Hongming  and
	Yu, Dong",
	editor = "Al-Onaizan, Yaser  and
	Bansal, Mohit  and
	Chen, Yun-Nung",
	booktitle = "Proceedings of the 2024 Conference on Empirical Methods in Natural Language Processing",
	month = nov,
	year = "2024",
	address = "Miami, Florida, USA",
	publisher = "Association for Computational Linguistics",
	url = "https://aclanthology.org/2024.emnlp-main.845/",
	doi = "10.18653/v1/2024.emnlp-main.845",
	pages = "15159--15177"}
	
@online { enwiki:1276232158,
	author = {Wikipedia contributors},
	title = "FAISS --- {Wikipedia}{,} The Free Encyclopedia",
	year = {2025},
	url = "https://en.wikipedia.org/w/index.php?title=FAISS&oldid=1276232158",
	note = { accessed 9-March-2025}
}
@article{culpepper2016dynamictradeoffpredictionmultistage,
 author       = {J. Shane Culpepper and
Charles L. A. Clarke and
Jimmy Lin},
title        = {Dynamic Trade-Off Prediction in Multi-Stage Retrieval Systems},
journal      = {CoRR},
volume       = {abs/1610.02502},
year         = {2016},
url          = {http://arxiv.org/abs/1610.02502}, 
}
@InProceedings{10.1007/978-3-319-70145-5_1,
	title={Improving Retrieval Effectiveness for Temporal-Constrained Top-K Query Processing},
	author={Wu, Hao and Lu and others},
	booktitle={Information Retrieva Technology},
	year={2017},
	publisher={Springer International}, 
	address={Cham},
	pages={3--15}
	}
	
@article{zhu2024staykatehybridincontextexample,
    author       = {Chencheng Zhu and
    Kazutaka Shimada and
    Tomoki Taniguchi and
    Tomoko Ohkuma},
    title        = {{STAYKATE:} Hybrid In-Context Example Selection Combining Representativeness
    Sampling and Retrieval-based Approach - {A} Case Study on Science
    Domains},
    journal      = {CoRR},
    volume       = {abs/2412.20043},
    year         = {2024},
    url          = {https://doi.org/10.48550/arXiv.2412.20043}, 
}
@inproceedings{sawarkar2024blendedragimprovingrag,
        author       = {Kunal Sawarkar and
       Abhilasha Mangal and
       Shivam Raj Solanki},
       title        = {Blended {RAG:} Improving {RAG} (Retriever-Augmented Generation) Accuracy
       with Semantic Search and Hybrid Query-Based Retrievers},
       booktitle    = {7th {IEEE} International Conference on Multimedia Information Processing
       and Retrieval, {MIPR} 2024, San Jose, CA, USA, August 7-9, 2024},
       pages        = {155--161},
       publisher    = {{IEEE}},
       year         = {2024},
       url          = {https://doi.org/10.1109/MIPR62202.2024.00031},
}
@inproceedings{DiPalma,
	author = {Di Palma, Dario},
	year = {2023},
	month = {09},
	pages = {1369-1373},
	title = {Retrieval-augmented Recommender System: Enhancing Recommender Systems with Large Language Models},
	doi = {10.1145/3604915.3608889}
}
@inproceedings{zhai2023revisiting,
	title={Revisiting Neural Retrieval on Accelerators},
	author={Zhai, Jiaqi and Gong, Zhaojie and Wang, Yueming and Sun, Xiao and Yan, Zheng and Li, Fu and Liu, Xing},
	booktitle={Proceedings of the 29th ACM SIGKDD Conference on Knowledge Discovery and Data Mining},
	pages={5520--5531},
	year={2023},
	organization={Association for Computing Machinery},
	address={New York, NY, USA},
	series={KDD '23},
}

@article{Roy2022,
	author    = {Deepjyoti Roy and Mala Dutta},
	title     = {A systematic review and research perspective on recommender systems},
	journal   = {Journal of Big Data},
	volume    = {9},
	number    = {1},
	pages     = {59},
	year      = {2022},
	date      = {2022/05/03},
	issn      = {2196-1115},
	url       = {https://doi.org/10.1186/s40537-022-00592-5},
	doi       = {10.1186/s40537-022-00592-5},
	id        = {Roy2022}
} 



@inproceedings{kang2018selfat,
	   author       = {Wang{-}Cheng Kang and
	  Julian J. McAuley},
	  title        = {Self-Attentive Sequential Recommendation},
	  booktitle    = {{IEEE} International Conference on Data Mining, {ICDM} 2018, Singapore,
	  November 17-20, 2018},
	  pages        = {197--206},
	  publisher    = {{IEEE} Computer Society},
	  year         = {2018},
	  url          = {https://doi.org/10.1109/ICDM.2018.00035},
	}
	
@article{Harper2015,
       author       = {F. Maxwell Harper and
      Joseph A. Konstan},
      title        = {The MovieLens Datasets: History and Context},
      journal      = {{ACM} Trans. Interact. Intell. Syst.},
      volume       = {5},
      number       = {4},
      pages        = {19:1--19:19},
      year         = {2016},
      url          = {https://doi.org/10.1145/2827872}, }

@online{maruti_recsys,
	author       = {Maruti Techlabs},
	title        = {What are the types of recommendation systems?},
	year         = {2017},
	howpublished = {\url{https://marutitech.medium.com/what-are-the-types-of-recommendation-systems-3487cbafa7c9}},
	note         = {Accessed: 2025-04-28}
}

@inproceedings{Tamm_2021,
	series={RecSys ’21},
	title={Quality Metrics in Recommender Systems: Do We Calculate Metrics Consistently?},
	url={http://dx.doi.org/10.1145/3460231.3478848},
	DOI={10.1145/3460231.3478848},
	booktitle={Fifteenth ACM Conference on Recommender Systems},
	publisher={ACM},
	author={Tamm, Yan-Martin and Damdinov, Rinchin and Vasilev, Alexey},
	year={2021},
	month=sep, pages={708–713},
	collection={RecSys ’21} }


@inproceedings{papineni2002bleu,
	title={BLEU: a method for automatic evaluation of machine translation},
	author={Papineni, Kishore and Roukos, Salim and Ward, Todd and Zhu, Wei-Jing},
	booktitle={Proceedings of the 40th annual meeting of the Association for Computational Linguistics},
	pages={311--318},
	year={2002},
	organization={Association for Computational Linguistics}
}

@inproceedings{zhang2019bertscore,
	title={BERTScore: Evaluating Text Generation with BERT},
	author={Zhang, Tianyi and Kishore, Varsha and Wu, Felix and Weinberger, Kilian Q and Artzi, Yoav},
	booktitle={International Conference on Learning Representations (ICLR)},
	year={2020},
	url={https://openreview.net/forum?id=SkeHuCVFDr}
}
